<record><leader>00000cas a2200000 a 4500</leader><controlfield tag="001">37602055</controlfield><controlfield tag="008">970911d18941902vtucr ne      0   a0eng c</controlfield><datafield ind1=" " ind2=" " tag="010"><subfield code="a">sn 97067584 </subfield></datafield><datafield ind1=" " ind2=" " tag="040"><subfield code="a">NVN</subfield><subfield code="b">eng</subfield><subfield code="c">NVN</subfield><subfield code="d">OCL</subfield><subfield code="d">OCLCQ</subfield><subfield code="d">NVN</subfield><subfield code="d">OCLCO</subfield><subfield code="d">OCLCA</subfield><subfield code="d">DLC</subfield><subfield code="d">OCLCF</subfield></datafield><datafield ind1="0" ind2=" " tag="022"><subfield code="a">2331-7965</subfield><subfield code="2">1</subfield></datafield><datafield ind1="1" ind2=" " tag="029"><subfield code="a">AU@</subfield><subfield code="b">000013497284</subfield></datafield><datafield ind1=" " ind2=" " tag="042"><subfield code="a">pcc</subfield><subfield code="a">nsdp</subfield></datafield><datafield ind1=" " ind2=" " tag="043"><subfield code="a">n-us-vt</subfield></datafield><datafield ind1="0" ind2="0" tag="050"><subfield code="a">Newspaper</subfield></datafield><datafield ind1="0" ind2="0" tag="082"><subfield code="a">071</subfield><subfield code="2">1</subfield></datafield><datafield ind1=" " ind2="0" tag="222"><subfield code="a">Bennington semi-weekly banner</subfield><subfield code="b">(Print)</subfield></datafield><datafield ind1="0" ind2="0" tag="245"><subfield code="a">Bennington semi-weekly banner.</subfield></datafield><datafield ind1="1" ind2="7" tag="246"><subfield code="a">Semi-weekly banner</subfield></datafield><datafield ind1="1" ind2=" " tag="246"><subfield code="i">Title in publisher's box:</subfield><subfield code="a">Banner</subfield></datafield><datafield ind1="1" ind2="3" tag="246"><subfield code="a">Bennington banner</subfield></datafield><datafield ind1=" " ind2=" " tag="260"><subfield code="a">Bennington, Vt. :</subfield><subfield code="b">C.A. Pierce + Co.,</subfield><subfield code="c">1894-</subfield></datafield><datafield ind1=" " ind2=" " tag="300"><subfield code="a">v.</subfield></datafield><datafield ind1=" " ind2=" " tag="310"><subfield code="a">Semiweekly</subfield></datafield><datafield ind1="0" ind2=" " tag="362"><subfield code="a">Vol. 54, no. 1 (May 1, 1894)-</subfield></datafield><datafield ind1="1" ind2=" " tag="362"><subfield code="a">Ceased in 1902?</subfield></datafield><datafield ind1=" " ind2=" " tag="530"><subfield code="a">Archived issues are available in digital format as part of the Library of Congress Chronicling America online collection.</subfield></datafield><datafield ind1=" " ind2=" " tag="580"><subfield code="a">Merged with: Bennington reformer, to form: Bennington banner and reformer.</subfield></datafield><datafield ind1=" " ind2="0" tag="651"><subfield code="a">Bennington (Vt.)</subfield><subfield code="v">Newspapers.</subfield></datafield><datafield ind1=" " ind2="0" tag="651"><subfield code="a">Bennington County (Vt.)</subfield><subfield code="v">Newspapers.</subfield></datafield><datafield ind1=" " ind2="0" tag="651"><subfield code="a">Vermont</subfield><subfield code="v">Newspapers.</subfield></datafield><datafield ind1=" " ind2="7" tag="655"><subfield code="a">Newspapers.</subfield><subfield code="2">fast</subfield><subfield code="0">(OCoLC)fst01423814</subfield></datafield><datafield ind1=" " ind2="7" tag="651"><subfield code="a">Vermont.</subfield><subfield code="2">fast</subfield><subfield code="0">(OCoLC)fst01204305</subfield></datafield><datafield ind1=" " ind2="7" tag="651"><subfield code="a">Vermont</subfield><subfield code="z">Bennington.</subfield><subfield code="2">fast</subfield><subfield code="0">(OCoLC)fst01215895</subfield></datafield><datafield ind1=" " ind2="7" tag="651"><subfield code="a">Vermont</subfield><subfield code="z">Bennington County.</subfield><subfield code="2">fast</subfield><subfield code="0">(OCoLC)fst01224329</subfield></datafield><datafield ind1=" " ind2=" " tag="752"><subfield code="a">United States</subfield><subfield code="b">Vermont</subfield><subfield code="c">Bennington</subfield><subfield code="d">Bennington.</subfield></datafield><datafield ind1="0" ind2="8" tag="776"><subfield code="i">Online version:</subfield><subfield code="t">Bennington semi-weekly banner (Online)</subfield><subfield code="x">2331-7973</subfield><subfield code="w">(DLC)  2013272059</subfield><subfield code="w">(OCoLC)861753479</subfield></datafield><datafield ind1="0" ind2="0" tag="780"><subfield code="t">Bennington banner</subfield><subfield code="x">2331-6640</subfield><subfield code="w">(DLC)sn 84022639</subfield><subfield code="w">(OCoLC)10502996</subfield></datafield><datafield ind1="1" ind2="7" tag="785"><subfield code="t">Bennington reformer</subfield><subfield code="w">(DLC)sn 87070416</subfield><subfield code="w">(OCoLC)17155045</subfield></datafield><datafield ind1="1" ind2="7" tag="785"><subfield code="t">Bennington banner and reformer</subfield><subfield code="x">2331-8023</subfield><subfield code="w">(DLC)sn 98060016</subfield><subfield code="w">(OCoLC)38499767</subfield></datafield><datafield ind1="4" ind2="1" tag="856"><subfield code="u">http://chroniclingamerica.loc.gov/lccn/sn97067584/issues/</subfield></datafield></record>